<record><leader>00000cas a22000007a 4500</leader><controlfield tag="001">10498146</controlfield><controlfield tag="008">840308d1858185uctuwr ne      0    0eng d</controlfield><datafield ind1=" " ind2=" " tag="010"><subfield code="a">sn 84022598 </subfield></datafield><datafield ind1=" " ind2=" " tag="040"><subfield code="a">NPX</subfield><subfield code="b">eng</subfield><subfield code="c">NPX</subfield><subfield code="d">CNW</subfield><subfield code="d">OCL</subfield><subfield code="d">OCLCO</subfield></datafield><datafield ind1=" " ind2=" " tag="042"><subfield code="a">msc</subfield></datafield><datafield ind1="0" ind2=" " tag="130"><subfield code="a">Weekly reveille (Norwich, Conn.)</subfield></datafield><datafield ind1="0" ind2="4" tag="245"><subfield code="a">The weekly reveille.</subfield></datafield><datafield ind1=" " ind2=" " tag="260"><subfield code="a">Norwich Town, Conn. :</subfield><subfield code="b">W.S. Robinson,</subfield><subfield code="c">1858-</subfield></datafield><datafield ind1=" " ind2=" " tag="300"><subfield code="a">v.</subfield></datafield><datafield ind1=" " ind2=" " tag="310"><subfield code="a">Weekly</subfield></datafield><datafield ind1="0" ind2=" " tag="362"><subfield code="a">Vol. 1, no. 1 (Oct. 1, 1858)-</subfield></datafield><datafield ind1=" " ind2=" " tag="515"><subfield code="a">Suspended &lt;Feb. 25&gt;-May 13, 1859.</subfield></datafield><datafield ind1=" " ind2="0" tag="651"><subfield code="a">Norwichtown (Conn.)</subfield><subfield code="v">Newspapers.</subfield></datafield><datafield ind1=" " ind2="0" tag="651"><subfield code="a">Norwich (Conn.)</subfield><subfield code="v">Newspapers.</subfield></datafield><datafield ind1=" " ind2=" " tag="752"><subfield code="a">United States</subfield><subfield code="b">Connecticut</subfield><subfield code="c">New London</subfield><subfield code="d">Norwichtown.</subfield></datafield></record>